<record><leader>00000cas a2200000 a 4500</leader><controlfield tag="001">6018162</controlfield><controlfield tag="008">800225d18561867iluwr ne      0   a0eng c</controlfield><datafield ind1=" " ind2=" " tag="010"><subfield code="a">sn 84038548 </subfield></datafield><datafield ind1=" " ind2=" " tag="040"><subfield code="a">IBK</subfield><subfield code="b">eng</subfield><subfield code="c">IBK</subfield><subfield code="d">NPX</subfield><subfield code="d">NPV</subfield><subfield code="d">DLC</subfield><subfield code="d">NVF</subfield><subfield code="d">OCL</subfield><subfield code="d">NVF</subfield><subfield code="d">OCLCQ</subfield><subfield code="d">OCLCF</subfield><subfield code="d">NVF</subfield><subfield code="d">OCLCO</subfield><subfield code="d">OCL</subfield></datafield><datafield ind1=" " ind2=" " tag="042"><subfield code="a">pcc</subfield></datafield><datafield ind1=" " ind2=" " tag="043"><subfield code="a">n-us-il</subfield></datafield><datafield ind1=" " ind2=" " tag="045"><subfield code="a">w5w7</subfield></datafield><datafield ind1="0" ind2="4" tag="245"><subfield code="a">The Knox Republican.</subfield></datafield><datafield ind1=" " ind2=" " tag="260"><subfield code="a">Knoxville, Ill. :</subfield><subfield code="b">John B. Winter</subfield></datafield><datafield ind1=" " ind2=" " tag="300"><subfield code="a">v.</subfield></datafield><datafield ind1=" " ind2=" " tag="310"><subfield code="a">Weekly</subfield></datafield><datafield ind1="1" ind2=" " tag="362"><subfield code="a">Began Oct. 8, 1856.</subfield></datafield><datafield ind1="0" ind2=" " tag="362"><subfield code="a">-v. 11, no. 52 (Sept. 18, 1867).</subfield></datafield><datafield ind1=" " ind2=" " tag="580"><subfield code="a">Weekly campaign ed.: Campaign Republican (Knoxville, Ill.), 1858.</subfield></datafield><datafield ind1=" " ind2=" " tag="588"><subfield code="a">Description based on: Vol. 1, no. 2 (Oct. 15, 1856).</subfield></datafield><datafield ind1=" " ind2="0" tag="651"><subfield code="a">Knoxville (Ill.)</subfield><subfield code="v">Newspapers.</subfield></datafield><datafield ind1=" " ind2="0" tag="651"><subfield code="a">Knox County (Ill.)</subfield><subfield code="v">Newspapers.</subfield></datafield><datafield ind1=" " ind2="7" tag="651"><subfield code="a">Illinois</subfield><subfield code="z">Knox County</subfield><subfield code="2">fast</subfield><subfield code="0">(OCoLC)fst01207113</subfield></datafield><datafield ind1=" " ind2="7" tag="651"><subfield code="a">Illinois</subfield><subfield code="z">Knoxville.</subfield><subfield code="2">fast</subfield><subfield code="0">(OCoLC)fst01207048</subfield></datafield><datafield ind1=" " ind2="7" tag="655"><subfield code="a">Newspapers.</subfield><subfield code="2">fast</subfield><subfield code="0">(OCoLC)fst01423814</subfield></datafield><datafield ind1=" " ind2=" " tag="752"><subfield code="a">United States</subfield><subfield code="b">Illinois</subfield><subfield code="c">Knox</subfield><subfield code="d">Knoxville.</subfield></datafield><datafield ind1="1" ind2=" " tag="775"><subfield code="t">Campaign Republican (Knoxville, Ill.)</subfield><subfield code="w">(DLC)sn 92053352</subfield><subfield code="w">(OCoLC)26490109</subfield></datafield><datafield ind1="0" ind2="0" tag="785"><subfield code="t">Knox County Republican (Knoxville, Ill.)</subfield><subfield code="w">(DLC)sn 85033757</subfield><subfield code="w">(OCoLC)12249717</subfield></datafield><datafield ind1="1" ind2=" " tag="029"><subfield code="a">AU@</subfield><subfield code="b">000020232944</subfield></datafield></record>